%YAML 1.1
%TAG !u! tag:unity3d.com,2011:
--- !u!29 &1
OcclusionCullingSettings:
  m_ObjectHideFlags: 0
  serializedVersion: 2
  m_OcclusionBakeSettings:
    smallestOccluder: 5
    smallestHole: 0.25
    backfaceThreshold: 100
  m_SceneGUID: 00000000000000000000000000000000
  m_OcclusionCullingData: {fileID: 0}
--- !u!104 &2
RenderSettings:
  m_ObjectHideFlags: 0
  serializedVersion: 9
  m_Fog: 0
  m_FogColor: {r: 0.5, g: 0.5, b: 0.5, a: 1}
  m_FogMode: 3
  m_FogDensity: 0.01
  m_LinearFogStart: 0
  m_LinearFogEnd: 300
  m_AmbientSkyColor: {r: 0.212, g: 0.227, b: 0.259, a: 1}
  m_AmbientEquatorColor: {r: 0.114, g: 0.125, b: 0.133, a: 1}
  m_AmbientGroundColor: {r: 0.047, g: 0.043, b: 0.035, a: 1}
  m_AmbientIntensity: 1
  m_AmbientMode: 0
  m_SubtractiveShadowColor: {r: 0.42, g: 0.478, b: 0.627, a: 1}
  m_SkyboxMaterial: {fileID: 10304, guid: 0000000000000000f000000000000000, type: 0}
  m_HaloStrength: 0.5
  m_FlareStrength: 1
  m_FlareFadeSpeed: 3
  m_HaloTexture: {fileID: 0}
  m_SpotCookie: {fileID: 10001, guid: 0000000000000000e000000000000000, type: 0}
  m_DefaultReflectionMode: 0
  m_DefaultReflectionResolution: 128
  m_ReflectionBounces: 1
  m_ReflectionIntensity: 1
  m_CustomReflection: {fileID: 0}
  m_Sun: {fileID: 0}
  m_IndirectSpecularColor: {r: 0.18028378, g: 0.22571412, b: 0.30692285, a: 1}
  m_UseRadianceAmbientProbe: 0
--- !u!157 &3
LightmapSettings:
  m_ObjectHideFlags: 0
  serializedVersion: 12
  m_GIWorkflowMode: 1
  m_GISettings:
    serializedVersion: 2
    m_BounceScale: 1
    m_IndirectOutputScale: 1
    m_AlbedoBoost: 1
    m_EnvironmentLightingMode: 0
    m_EnableBakedLightmaps: 1
    m_EnableRealtimeLightmaps: 0
  m_LightmapEditorSettings:
    serializedVersion: 12
    m_Resolution: 2
    m_BakeResolution: 40
    m_AtlasSize: 1024
    m_AO: 0
    m_AOMaxDistance: 1
    m_CompAOExponent: 1
    m_CompAOExponentDirect: 0
    m_ExtractAmbientOcclusion: 0
    m_Padding: 2
    m_LightmapParameters: {fileID: 0}
    m_LightmapsBakeMode: 1
    m_TextureCompression: 1
    m_FinalGather: 0
    m_FinalGatherFiltering: 1
    m_FinalGatherRayCount: 256
    m_ReflectionCompression: 2
    m_MixedBakeMode: 2
    m_BakeBackend: 1
    m_PVRSampling: 1
    m_PVRDirectSampleCount: 32
    m_PVRSampleCount: 512
    m_PVRBounces: 2
    m_PVREnvironmentSampleCount: 256
    m_PVREnvironmentReferencePointCount: 2048
    m_PVRFilteringMode: 1
    m_PVRDenoiserTypeDirect: 1
    m_PVRDenoiserTypeIndirect: 1
    m_PVRDenoiserTypeAO: 1
    m_PVRFilterTypeDirect: 0
    m_PVRFilterTypeIndirect: 0
    m_PVRFilterTypeAO: 0
    m_PVREnvironmentMIS: 1
    m_PVRCulling: 1
    m_PVRFilteringGaussRadiusDirect: 1
    m_PVRFilteringGaussRadiusIndirect: 5
    m_PVRFilteringGaussRadiusAO: 2
    m_PVRFilteringAtrousPositionSigmaDirect: 0.5
    m_PVRFilteringAtrousPositionSigmaIndirect: 2
    m_PVRFilteringAtrousPositionSigmaAO: 1
    m_ExportTrainingData: 0
    m_TrainingDataDestination: TrainingData
    m_LightProbeSampleCountMultiplier: 4
  m_LightingDataAsset: {fileID: 0}
  m_LightingSettings: {fileID: 0}
--- !u!196 &4
NavMeshSettings:
  serializedVersion: 2
  m_ObjectHideFlags: 0
  m_BuildSettings:
    serializedVersion: 2
    agentTypeID: 0
    agentRadius: 0.5
    agentHeight: 2
    agentSlope: 45
    agentClimb: 0.4
    ledgeDropHeight: 0
    maxJumpAcrossDistance: 0
    minRegionArea: 2
    manualCellSize: 0
    cellSize: 0.16666667
    manualTileSize: 0
    tileSize: 256
    accuratePlacement: 0
    maxJobWorkers: 0
    preserveTilesOutsideBounds: 0
    debug:
      m_Flags: 0
  m_NavMeshData: {fileID: 0}
--- !u!1001 &33192471
PrefabInstance:
  m_ObjectHideFlags: 0
  serializedVersion: 2
  m_Modification:
    m_TransformParent: {fileID: 0}
    m_Modifications:
    - target: {fileID: 202350171114897403, guid: 189c4217595e70eb59f7534a2445ff6e, type: 3}
      propertyPath: m_IsActive
      value: 0
      objectReference: {fileID: 0}
    - target: {fileID: 202350171805090305, guid: 189c4217595e70eb59f7534a2445ff6e, type: 3}
      propertyPath: m_LocalScale.x
      value: 0.06
      objectReference: {fileID: 0}
    - target: {fileID: 202350171805090305, guid: 189c4217595e70eb59f7534a2445ff6e, type: 3}
      propertyPath: m_LocalScale.y
      value: 0.06
      objectReference: {fileID: 0}
    - target: {fileID: 202350171805090305, guid: 189c4217595e70eb59f7534a2445ff6e, type: 3}
      propertyPath: m_LocalScale.z
      value: 0.06
      objectReference: {fileID: 0}
    - target: {fileID: 202350172364574190, guid: 189c4217595e70eb59f7534a2445ff6e, type: 3}
      propertyPath: m_IsActive
      value: 0
      objectReference: {fileID: 0}
    - target: {fileID: 202350172429791896, guid: 189c4217595e70eb59f7534a2445ff6e, type: 3}
      propertyPath: m_Name
      value: Objects
      objectReference: {fileID: 0}
    - target: {fileID: 202350172429791903, guid: 189c4217595e70eb59f7534a2445ff6e, type: 3}
      propertyPath: m_RootOrder
      value: 2
      objectReference: {fileID: 0}
    - target: {fileID: 202350172429791903, guid: 189c4217595e70eb59f7534a2445ff6e, type: 3}
      propertyPath: m_LocalPosition.x
      value: 0
      objectReference: {fileID: 0}
    - target: {fileID: 202350172429791903, guid: 189c4217595e70eb59f7534a2445ff6e, type: 3}
      propertyPath: m_LocalPosition.y
      value: 0
      objectReference: {fileID: 0}
    - target: {fileID: 202350172429791903, guid: 189c4217595e70eb59f7534a2445ff6e, type: 3}
      propertyPath: m_LocalPosition.z
      value: 0
      objectReference: {fileID: 0}
    - target: {fileID: 202350172429791903, guid: 189c4217595e70eb59f7534a2445ff6e, type: 3}
      propertyPath: m_LocalRotation.w
      value: 1
      objectReference: {fileID: 0}
    - target: {fileID: 202350172429791903, guid: 189c4217595e70eb59f7534a2445ff6e, type: 3}
      propertyPath: m_LocalRotation.x
      value: 0
      objectReference: {fileID: 0}
    - target: {fileID: 202350172429791903, guid: 189c4217595e70eb59f7534a2445ff6e, type: 3}
      propertyPath: m_LocalRotation.y
      value: 0
      objectReference: {fileID: 0}
    - target: {fileID: 202350172429791903, guid: 189c4217595e70eb59f7534a2445ff6e, type: 3}
      propertyPath: m_LocalRotation.z
      value: 0
      objectReference: {fileID: 0}
    - target: {fileID: 202350172429791903, guid: 189c4217595e70eb59f7534a2445ff6e, type: 3}
      propertyPath: m_LocalEulerAnglesHint.x
      value: 0
      objectReference: {fileID: 0}
    - target: {fileID: 202350172429791903, guid: 189c4217595e70eb59f7534a2445ff6e, type: 3}
      propertyPath: m_LocalEulerAnglesHint.y
      value: 0
      objectReference: {fileID: 0}
    - target: {fileID: 202350172429791903, guid: 189c4217595e70eb59f7534a2445ff6e, type: 3}
      propertyPath: m_LocalEulerAnglesHint.z
      value: 0
      objectReference: {fileID: 0}
    - target: {fileID: 5648261738708442321, guid: 189c4217595e70eb59f7534a2445ff6e, type: 3}
      propertyPath: m_IsActive
      value: 0
      objectReference: {fileID: 0}
    m_RemovedComponents: []
  m_SourcePrefab: {fileID: 100100000, guid: 189c4217595e70eb59f7534a2445ff6e, type: 3}
--- !u!1001 &516183482
PrefabInstance:
  m_ObjectHideFlags: 0
  serializedVersion: 2
  m_Modification:
    m_TransformParent: {fileID: 0}
    m_Modifications:
    - target: {fileID: 4229227479476809808, guid: b1e50cb8e22c18e6fbae191f66485a84, type: 3}
      propertyPath: m_RootOrder
      value: 3
      objectReference: {fileID: 0}
    - target: {fileID: 4229227479476809808, guid: b1e50cb8e22c18e6fbae191f66485a84, type: 3}
      propertyPath: m_LocalPosition.x
      value: 0
      objectReference: {fileID: 0}
    - target: {fileID: 4229227479476809808, guid: b1e50cb8e22c18e6fbae191f66485a84, type: 3}
      propertyPath: m_LocalPosition.y
      value: 0
      objectReference: {fileID: 0}
    - target: {fileID: 4229227479476809808, guid: b1e50cb8e22c18e6fbae191f66485a84, type: 3}
      propertyPath: m_LocalPosition.z
      value: 0
      objectReference: {fileID: 0}
    - target: {fileID: 4229227479476809808, guid: b1e50cb8e22c18e6fbae191f66485a84, type: 3}
      propertyPath: m_LocalRotation.w
      value: 1
      objectReference: {fileID: 0}
    - target: {fileID: 4229227479476809808, guid: b1e50cb8e22c18e6fbae191f66485a84, type: 3}
      propertyPath: m_LocalRotation.x
      value: 0
      objectReference: {fileID: 0}
    - target: {fileID: 4229227479476809808, guid: b1e50cb8e22c18e6fbae191f66485a84, type: 3}
      propertyPath: m_LocalRotation.y
      value: 0
      objectReference: {fileID: 0}
    - target: {fileID: 4229227479476809808, guid: b1e50cb8e22c18e6fbae191f66485a84, type: 3}
      propertyPath: m_LocalRotation.z
      value: 0
      objectReference: {fileID: 0}
    - target: {fileID: 4229227479476809808, guid: b1e50cb8e22c18e6fbae191f66485a84, type: 3}
      propertyPath: m_LocalEulerAnglesHint.x
      value: 0
      objectReference: {fileID: 0}
    - target: {fileID: 4229227479476809808, guid: b1e50cb8e22c18e6fbae191f66485a84, type: 3}
      propertyPath: m_LocalEulerAnglesHint.y
      value: 0
      objectReference: {fileID: 0}
    - target: {fileID: 4229227479476809808, guid: b1e50cb8e22c18e6fbae191f66485a84, type: 3}
      propertyPath: m_LocalEulerAnglesHint.z
      value: 0
      objectReference: {fileID: 0}
    - target: {fileID: 4229227479476809810, guid: b1e50cb8e22c18e6fbae191f66485a84, type: 3}
      propertyPath: speed
      value: 10
      objectReference: {fileID: 0}
    - target: {fileID: 4229227479476809810, guid: b1e50cb8e22c18e6fbae191f66485a84, type: 3}
      propertyPath: torque
      value: 1000
      objectReference: {fileID: 0}
    - target: {fileID: 4229227479476809810, guid: b1e50cb8e22c18e6fbae191f66485a84, type: 3}
      propertyPath: damping
      value: 1000
      objectReference: {fileID: 0}
    - target: {fileID: 4229227479476809810, guid: b1e50cb8e22c18e6fbae191f66485a84, type: 3}
      propertyPath: stiffness
      value: 10000
      objectReference: {fileID: 0}
    - target: {fileID: 4229227479476809810, guid: b1e50cb8e22c18e6fbae191f66485a84, type: 3}
      propertyPath: forceLimit
      value: 10000
      objectReference: {fileID: 0}
    - target: {fileID: 4229227479476809813, guid: b1e50cb8e22c18e6fbae191f66485a84, type: 3}
      propertyPath: m_Name
      value: panda
      objectReference: {fileID: 0}
    - target: {fileID: 4229227479476809822, guid: b1e50cb8e22c18e6fbae191f66485a84, type: 3}
      propertyPath: damping
      value: 1000
      objectReference: {fileID: 0}
    - target: {fileID: 4229227479476809822, guid: b1e50cb8e22c18e6fbae191f66485a84, type: 3}
      propertyPath: stiffness
      value: 10000
      objectReference: {fileID: 0}
    - target: {fileID: 4229227479476809822, guid: b1e50cb8e22c18e6fbae191f66485a84, type: 3}
      propertyPath: forceLimit
      value: 10000
      objectReference: {fileID: 0}
    m_RemovedComponents: []
  m_SourcePrefab: {fileID: 100100000, guid: b1e50cb8e22c18e6fbae191f66485a84, type: 3}
--- !u!1 &563792316
GameObject:
  m_ObjectHideFlags: 0
  m_CorrespondingSourceObject: {fileID: 0}
  m_PrefabInstance: {fileID: 0}
  m_PrefabAsset: {fileID: 0}
  serializedVersion: 6
  m_Component:
  - component: {fileID: 563792322}
  - component: {fileID: 563792321}
  - component: {fileID: 563792320}
  - component: {fileID: 563792319}
  - component: {fileID: 563792318}
  - component: {fileID: 563792317}
  m_Layer: 8
  m_Name: Wall
  m_TagString: Untagged
  m_Icon: {fileID: 0}
  m_NavMeshLayer: 0
  m_StaticEditorFlags: 0
  m_IsActive: 1
--- !u!114 &563792317
MonoBehaviour:
  m_ObjectHideFlags: 0
  m_CorrespondingSourceObject: {fileID: 0}
  m_PrefabInstance: {fileID: 0}
  m_PrefabAsset: {fileID: 0}
  m_GameObject: {fileID: 563792316}
  m_Enabled: 1
  m_EditorHideFlags: 0
  m_Script: {fileID: 11500000, guid: 1111850bcc7ba093d9ef5a76281eb26e, type: 3}
  m_Name: 
  m_EditorClassIdentifier: 
  id: wall1
--- !u!54 &563792318
Rigidbody:
  m_ObjectHideFlags: 0
  m_CorrespondingSourceObject: {fileID: 0}
  m_PrefabInstance: {fileID: 0}
  m_PrefabAsset: {fileID: 0}
  m_GameObject: {fileID: 563792316}
  serializedVersion: 2
  m_Mass: 10
  m_Drag: 0
  m_AngularDrag: 0.05
  m_UseGravity: 1
  m_IsKinematic: 1
  m_Interpolate: 0
  m_Constraints: 0
  m_CollisionDetection: 0
--- !u!65 &563792319
BoxCollider:
  m_ObjectHideFlags: 0
  m_CorrespondingSourceObject: {fileID: 0}
  m_PrefabInstance: {fileID: 0}
  m_PrefabAsset: {fileID: 0}
  m_GameObject: {fileID: 563792316}
  m_Material: {fileID: 0}
  m_IsTrigger: 0
  m_Enabled: 1
  serializedVersion: 2
  m_Size: {x: 1, y: 1, z: 1}
  m_Center: {x: 0, y: 0, z: 0}
--- !u!23 &563792320
MeshRenderer:
  m_ObjectHideFlags: 0
  m_CorrespondingSourceObject: {fileID: 0}
  m_PrefabInstance: {fileID: 0}
  m_PrefabAsset: {fileID: 0}
  m_GameObject: {fileID: 563792316}
  m_Enabled: 1
  m_CastShadows: 1
  m_ReceiveShadows: 1
  m_DynamicOccludee: 1
  m_MotionVectors: 1
  m_LightProbeUsage: 1
  m_ReflectionProbeUsage: 1
  m_RayTracingMode: 2
  m_RayTraceProcedural: 0
  m_RenderingLayerMask: 1
  m_RendererPriority: 0
  m_Materials:
  - {fileID: 2100000, guid: 1148305701bdd0959876d796bf630663, type: 2}
  m_StaticBatchInfo:
    firstSubMesh: 0
    subMeshCount: 0
  m_StaticBatchRoot: {fileID: 0}
  m_ProbeAnchor: {fileID: 0}
  m_LightProbeVolumeOverride: {fileID: 0}
  m_ScaleInLightmap: 1
  m_ReceiveGI: 1
  m_PreserveUVs: 0
  m_IgnoreNormalsForChartDetection: 0
  m_ImportantGI: 0
  m_StitchLightmapSeams: 1
  m_SelectedEditorRenderState: 3
  m_MinimumChartSize: 4
  m_AutoUVMaxDistance: 0.5
  m_AutoUVMaxAngle: 89
  m_LightmapParameters: {fileID: 0}
  m_SortingLayerID: 0
  m_SortingLayer: 0
  m_SortingOrder: 0
  m_AdditionalVertexStreams: {fileID: 0}
--- !u!33 &563792321
MeshFilter:
  m_ObjectHideFlags: 0
  m_CorrespondingSourceObject: {fileID: 0}
  m_PrefabInstance: {fileID: 0}
  m_PrefabAsset: {fileID: 0}
  m_GameObject: {fileID: 563792316}
  m_Mesh: {fileID: 10202, guid: 0000000000000000e000000000000000, type: 0}
--- !u!4 &563792322
Transform:
  m_ObjectHideFlags: 0
  m_CorrespondingSourceObject: {fileID: 0}
  m_PrefabInstance: {fileID: 0}
  m_PrefabAsset: {fileID: 0}
  m_GameObject: {fileID: 563792316}
  m_LocalRotation: {x: -0, y: -0, z: -0, w: 1}
  m_LocalPosition: {x: -0.134, y: 0.608, z: -0.58}
  m_LocalScale: {x: 2, y: 2, z: 0.01}
  m_Children: []
  m_Father: {fileID: 2134651767}
  m_RootOrder: 4
  m_LocalEulerAnglesHint: {x: 0, y: 0, z: 0}
--- !u!1001 &955117135
PrefabInstance:
  m_ObjectHideFlags: 0
  serializedVersion: 2
  m_Modification:
    m_TransformParent: {fileID: 0}
    m_Modifications:
    - target: {fileID: 2425538712951415563, guid: 0a05a1dccfd5cb056a09e68056c14529, type: 3}
      propertyPath: m_Name
      value: Room
      objectReference: {fileID: 0}
    - target: {fileID: 3374300872656323194, guid: 0a05a1dccfd5cb056a09e68056c14529, type: 3}
      propertyPath: m_RootOrder
      value: 0
      objectReference: {fileID: 0}
    - target: {fileID: 3374300872656323194, guid: 0a05a1dccfd5cb056a09e68056c14529, type: 3}
      propertyPath: m_LocalPosition.x
      value: 0.64480674
      objectReference: {fileID: 0}
    - target: {fileID: 3374300872656323194, guid: 0a05a1dccfd5cb056a09e68056c14529, type: 3}
      propertyPath: m_LocalPosition.y
      value: 0.3472508
      objectReference: {fileID: 0}
    - target: {fileID: 3374300872656323194, guid: 0a05a1dccfd5cb056a09e68056c14529, type: 3}
      propertyPath: m_LocalPosition.z
      value: 0.30984262
      objectReference: {fileID: 0}
    - target: {fileID: 3374300872656323194, guid: 0a05a1dccfd5cb056a09e68056c14529, type: 3}
      propertyPath: m_LocalRotation.w
      value: 1
      objectReference: {fileID: 0}
    - target: {fileID: 3374300872656323194, guid: 0a05a1dccfd5cb056a09e68056c14529, type: 3}
      propertyPath: m_LocalRotation.x
      value: 0
      objectReference: {fileID: 0}
    - target: {fileID: 3374300872656323194, guid: 0a05a1dccfd5cb056a09e68056c14529, type: 3}
      propertyPath: m_LocalRotation.y
      value: 0
      objectReference: {fileID: 0}
    - target: {fileID: 3374300872656323194, guid: 0a05a1dccfd5cb056a09e68056c14529, type: 3}
      propertyPath: m_LocalRotation.z
      value: 0
      objectReference: {fileID: 0}
    - target: {fileID: 3374300872656323194, guid: 0a05a1dccfd5cb056a09e68056c14529, type: 3}
      propertyPath: m_LocalEulerAnglesHint.x
      value: 0
      objectReference: {fileID: 0}
    - target: {fileID: 3374300872656323194, guid: 0a05a1dccfd5cb056a09e68056c14529, type: 3}
      propertyPath: m_LocalEulerAnglesHint.y
      value: 0
      objectReference: {fileID: 0}
    - target: {fileID: 3374300872656323194, guid: 0a05a1dccfd5cb056a09e68056c14529, type: 3}
      propertyPath: m_LocalEulerAnglesHint.z
      value: 0
      objectReference: {fileID: 0}
    m_RemovedComponents: []
  m_SourcePrefab: {fileID: 100100000, guid: 0a05a1dccfd5cb056a09e68056c14529, type: 3}
--- !u!1001 &1520781067
PrefabInstance:
  m_ObjectHideFlags: 0
  serializedVersion: 2
  m_Modification:
    m_TransformParent: {fileID: 0}
    m_Modifications:
    - target: {fileID: 3011888646266199203, guid: 598771d9593e0934a8352a580cb8045e, type: 3}
      propertyPath: m_ClearFlags
      value: 2
      objectReference: {fileID: 0}
    - target: {fileID: 3011888646266199203, guid: 598771d9593e0934a8352a580cb8045e, type: 3}
      propertyPath: field of view
      value: 75
      objectReference: {fileID: 0}
    - target: {fileID: 3011888646266199203, guid: 598771d9593e0934a8352a580cb8045e, type: 3}
      propertyPath: m_BackGroundColor.a
      value: 0
      objectReference: {fileID: 0}
    - target: {fileID: 3011888646266199203, guid: 598771d9593e0934a8352a580cb8045e, type: 3}
      propertyPath: m_BackGroundColor.b
      value: 0
      objectReference: {fileID: 0}
    - target: {fileID: 3011888646266199203, guid: 598771d9593e0934a8352a580cb8045e, type: 3}
      propertyPath: m_BackGroundColor.g
      value: 0
      objectReference: {fileID: 0}
    - target: {fileID: 3011888646266199203, guid: 598771d9593e0934a8352a580cb8045e, type: 3}
      propertyPath: m_BackGroundColor.r
      value: 0
      objectReference: {fileID: 0}
    - target: {fileID: 3011888646515787270, guid: 598771d9593e0934a8352a580cb8045e, type: 3}
      propertyPath: field of view
      value: 75
      objectReference: {fileID: 0}
    - target: {fileID: 3011888646515787288, guid: 598771d9593e0934a8352a580cb8045e, type: 3}
      propertyPath: cameraFov
      value: 58
      objectReference: {fileID: 0}
    - target: {fileID: 3011888646515787288, guid: 598771d9593e0934a8352a580cb8045e, type: 3}
      propertyPath: m_Enabled
      value: 1
      objectReference: {fileID: 0}
    - target: {fileID: 3011888646855503395, guid: 598771d9593e0934a8352a580cb8045e, type: 3}
      propertyPath: field of view
      value: 75
      objectReference: {fileID: 0}
    - target: {fileID: 3011888647752672391, guid: 598771d9593e0934a8352a580cb8045e, type: 3}
      propertyPath: field of view
      value: 75
      objectReference: {fileID: 0}
    - target: {fileID: 3011888647760534708, guid: 598771d9593e0934a8352a580cb8045e, type: 3}
      propertyPath: m_LocalPosition.x
      value: 0.04
      objectReference: {fileID: 0}
    - target: {fileID: 3011888647760534708, guid: 598771d9593e0934a8352a580cb8045e, type: 3}
      propertyPath: m_LocalPosition.y
      value: 0.005
      objectReference: {fileID: 0}
    - target: {fileID: 3011888647760534708, guid: 598771d9593e0934a8352a580cb8045e, type: 3}
      propertyPath: m_LocalPosition.z
      value: 0
      objectReference: {fileID: 0}
    - target: {fileID: 3011888647826335232, guid: 598771d9593e0934a8352a580cb8045e, type: 3}
      propertyPath: m_RootOrder
      value: 1
      objectReference: {fileID: 0}
    - target: {fileID: 3011888647826335232, guid: 598771d9593e0934a8352a580cb8045e, type: 3}
      propertyPath: m_LocalPosition.x
      value: 0.88
      objectReference: {fileID: 0}
    - target: {fileID: 3011888647826335232, guid: 598771d9593e0934a8352a580cb8045e, type: 3}
      propertyPath: m_LocalPosition.y
      value: 0.56
      objectReference: {fileID: 0}
    - target: {fileID: 3011888647826335232, guid: 598771d9593e0934a8352a580cb8045e, type: 3}
      propertyPath: m_LocalPosition.z
      value: 0.253
      objectReference: {fileID: 0}
    - target: {fileID: 3011888647826335232, guid: 598771d9593e0934a8352a580cb8045e, type: 3}
      propertyPath: m_LocalRotation.w
      value: -0.6495192
      objectReference: {fileID: 0}
    - target: {fileID: 3011888647826335232, guid: 598771d9593e0934a8352a580cb8045e, type: 3}
      propertyPath: m_LocalRotation.x
      value: -0.27701083
      objectReference: {fileID: 0}
    - target: {fileID: 3011888647826335232, guid: 598771d9593e0934a8352a580cb8045e, type: 3}
      propertyPath: m_LocalRotation.y
      value: 0.6450278
      objectReference: {fileID: 0}
    - target: {fileID: 3011888647826335232, guid: 598771d9593e0934a8352a580cb8045e, type: 3}
      propertyPath: m_LocalRotation.z
      value: -0.29211134
      objectReference: {fileID: 0}
    - target: {fileID: 3011888647826335232, guid: 598771d9593e0934a8352a580cb8045e, type: 3}
      propertyPath: m_LocalEulerAnglesHint.x
      value: 47.45
      objectReference: {fileID: 0}
    - target: {fileID: 3011888647826335232, guid: 598771d9593e0934a8352a580cb8045e, type: 3}
      propertyPath: m_LocalEulerAnglesHint.y
      value: 271.2209
      objectReference: {fileID: 0}
    - target: {fileID: 3011888647826335232, guid: 598771d9593e0934a8352a580cb8045e, type: 3}
      propertyPath: m_LocalEulerAnglesHint.z
      value: 1.8732
      objectReference: {fileID: 0}
    - target: {fileID: 3011888647826335233, guid: 598771d9593e0934a8352a580cb8045e, type: 3}
      propertyPath: m_Enabled
      value: 1
      objectReference: {fileID: 0}
    - target: {fileID: 3011888647826335233, guid: 598771d9593e0934a8352a580cb8045e, type: 3}
      propertyPath: outputCameraFov
      value: 58
      objectReference: {fileID: 0}
    - target: {fileID: 3011888647826335235, guid: 598771d9593e0934a8352a580cb8045e, type: 3}
      propertyPath: m_Name
      value: Cameras
      objectReference: {fileID: 0}
    m_RemovedComponents: []
  m_SourcePrefab: {fileID: 100100000, guid: 598771d9593e0934a8352a580cb8045e, type: 3}
--- !u!1 &2040534751 stripped
GameObject:
  m_CorrespondingSourceObject: {fileID: 3011888647826335235, guid: 598771d9593e0934a8352a580cb8045e, type: 3}
  m_PrefabInstance: {fileID: 1520781067}
  m_PrefabAsset: {fileID: 0}
--- !u!114 &2040534755
MonoBehaviour:
  m_ObjectHideFlags: 0
  m_CorrespondingSourceObject: {fileID: 0}
  m_PrefabInstance: {fileID: 0}
  m_PrefabAsset: {fileID: 0}
  m_GameObject: {fileID: 2040534751}
  m_Enabled: 1
  m_EditorHideFlags: 0
  m_Script: {fileID: 11500000, guid: 112e11e1782ad7a9eb6eb75268e84513, type: 3}
  m_Name: 
  m_EditorClassIdentifier: 
  fov: 58
--- !u!4 &2134651767 stripped
Transform:
  m_CorrespondingSourceObject: {fileID: 202350172429791903, guid: 189c4217595e70eb59f7534a2445ff6e, type: 3}
  m_PrefabInstance: {fileID: 33192471}
  m_PrefabAsset: {fileID: 0}
